



@Article{Dinsdale,
  author = 		 {E. Dinsdale and F. Rohwer},
  title = 		 {Fish or Germs? Microbial Dynamics Associated with Changing Trophic Structures on Coral Reefs, Coral Reefs: An Ecosystem in Transition},
  journal = 	 {Springer Science and Business},
  year = 		 {2011},
  pages = 	 {231-240}
}




@Article{doi:10.1137/S0036144500378302,
  author = 		 {D.~Higham},
  title = 		 {An algorithmic introduction to numerical simulation of stochastic differential equations},
  journal = 	 {SIAM Review},
  year = 		 {2001},
  volume = 	 {43},
  number = 	 {3},
  pages = 	 {525-546}
}


 @Article{Hastings,
  author = 		 {X.~Li and H.~Wang and Z.~Zhang and A.~Hastings},
  title = 		 {Mathematical analysis of coral reef models},
  journal = 	 {Journal of Mathematical Analysis and Applications},
  year = 		 {2014},
  volume = 	 {416},
  pages = 	 {352-373}
}






 @Book{klodenNumerics,
  author = 	 {P.~Kloeden and E.~Platen},
  title = 		 {Numerical Solution of Stochastic Differential Equations},
  publisher = 	 {Springer},
  year = 		 {1992},
  address = 	 {Berlin}
}

@Article{McClanahan,
  author = 		 {McClanahan},
  title = 		 {A coral reef ecosystem-fisheries model: impacts of fishing intensity and catch selection on reef structure and processes},
  journal = 	 {Ecological Modelling},
  year = 		 {1995},
  volume = 	 {80},
  pages = 	 {1-19}
}




@Article{Mumby,
  author = 		 {Mumby and Hastings and Edwards},
  title = 		 {Thresholds and the resilience of Caribbean Coral Reefs},
  journal = 	 {Nature},
  year = 		 {2007}
}

